<record><leader>00000cas a22000007a 4500</leader><controlfield tag="001">15613694</controlfield><controlfield tag="008">870430d19141915txudr ne      0    0eng d</controlfield><datafield ind1=" " ind2=" " tag="010"><subfield code="a">sn 87090177 </subfield></datafield><datafield ind1=" " ind2=" " tag="040"><subfield code="a">PPM</subfield><subfield code="b">eng</subfield><subfield code="c">PPM</subfield><subfield code="d">OCLCQ</subfield></datafield><datafield ind1=" " ind2=" " tag="042"><subfield code="a">msc</subfield></datafield><datafield ind1="0" ind2="0" tag="245"><subfield code="a">Texas City star.</subfield></datafield><datafield ind1="1" ind2="3" tag="246"><subfield code="a">Texas City star &amp; times</subfield></datafield><datafield ind1=" " ind2=" " tag="260"><subfield code="a">Texas City, Tex. :</subfield><subfield code="b">Times Print. Co.</subfield></datafield><datafield ind1=" " ind2=" " tag="310"><subfield code="a">Daily</subfield></datafield><datafield ind1="0" ind2=" " tag="362"><subfield code="a">Vol. 2, no. 229 (Oct. 27, 1914)-</subfield></datafield><datafield ind1="1" ind2=" " tag="362"><subfield code="a">Ceased in 1915?</subfield></datafield><datafield ind1=" " ind2=" " tag="752"><subfield code="a">United States</subfield><subfield code="b">Texas</subfield><subfield code="c">Galveston</subfield><subfield code="d">Texas City.</subfield></datafield><datafield ind1="0" ind2="1" tag="780"><subfield code="t">Texas City star &amp; times</subfield><subfield code="w">(OCoLC)15613799</subfield></datafield><datafield ind1="0" ind2="0" tag="785"><subfield code="t">Texas City times (Texas City, Tex. : 1915)</subfield><subfield code="w">(OCoLC)15746439</subfield></datafield></record>